<?xml version="1.0" encoding="UTF-8"?><record xmlns="http://www.loc.gov/MARC21/slim" xmlns:cinclude="http://apache.org/cocoon/include/1.0" xmlns:zs="http://www.loc.gov/zing/srw/">
  <leader>00401nz  a2200121n  4500</leader>
  <controlfield tag="001">n  89607253 </controlfield>
  <controlfield tag="003">DLC</controlfield>
  <controlfield tag="005">19890209075159.7</controlfield>
  <controlfield tag="008">890209n| acannaab|          |n aad |||  </controlfield>
  <datafield tag="010" ind1=" " ind2=" ">
    <subfield code="a">n  89607253 </subfield>
  </datafield>
  <datafield tag="040" ind1=" " ind2=" ">
    <subfield code="a">DLC</subfield>
    <subfield code="c">DLC</subfield>
  </datafield>
  <datafield tag="100" ind1="1" ind2="0">
    <subfield code="a">Cave, Michael Robert</subfield>
  </datafield>
  <datafield tag="670" ind1=" " ind2=" ">
    <subfield code="a">nuc89-11868: His La obra dramatica de Luciano Francisco Comella [MI] 1972</subfield>
    <subfield code="b">(hdg. on CtU rept.: Cave, Michael Robert; usage: Michael Robert Cave)</subfield>
  </datafield>
</record>